@inproceedings{ brachman-schmolze:kl-one,
  author = "Daniel~S. Farenzena and Ricardo~M. Araujo and Luis~L. Lamb",
  title = "Collaboration Emergence in Social Networks with Informational Natural Selection",
  booktitle = "2011 IEEE International Conference on Privacy, Security, Risk, and Trust, and IEEE International Conference on Social Computing",
  year = "2011"
}